@book{hennessy2011computer,
  title={Computer architecture: a quantitative approach},
  author={Hennessy, John L and Patterson, David A},
  year={2011},
  publisher={Elsevier}
}

@article{dennard1974design,
  title={Design of ion-implanted MOSFET's with very small physical dimensions},
  author={Dennard, Robert H and Gaensslen, Fritz H and Rideout, V Leo and Bassous, Ernest and LeBlanc, Andre R},
  journal={IEEE Journal of Solid-State Circuits},
  volume={9},
  number={5},
  pages={256--268},
  year={1974},
  publisher={IEEE}
}

@inproceedings{hameed2010understanding,
  title={Understanding sources of inefficiency in general-purpose chips},
  author={Hameed, Rehan and Qadeer, Wajahat and Wachs, Megan and Azizi, Omid and Solomatnikov, Alex and Lee, Benjamin C and Richardson, Stephen and Kozyrakis, Christos and Horowitz, Mark},
  booktitle={ACM SIGARCH Computer Architecture News},
  volume={38},
  number={3},
  pages={37--47},
  year={2010},
  organization={ACM}
}

@inproceedings{jouppi2017datacenter,
  title={In-datacenter performance analysis of a tensor processing unit},
  author={Jouppi, Norman P and Young, Cliff and Patil, Nishant and Patterson, David and Agrawal, Gaurav and Bajwa, Raminder and Bates, Sarah and Bhatia, Suresh and Boden, Nan and Borchers, Al and others},
  booktitle={2017 ACM/IEEE 44th Annual International Symposium on Computer Architecture (ISCA)},
  pages={1--12},
  year={2017},
  organization={IEEE}
}